@INPROCEEDINGS{shvachko2010hadoop,
  title={The hadoop distributed file system},
  author={Shvachko, Konstantin and Kuang, Hairong and Radia, Sanjay and Chansler, Robert},
  booktitle={Mass Storage Systems and Technologies (MSST), 2010 IEEE 26th Symposium on},
  pages={1--10},
  year={2010},
  organization={IEEE}
}

@misc{hadoop,
  howpublished={\url{http://hadoop.apache.org/}},
  title={Welcome to Apache Hadoop}
}

@misc{least,
  howpublished={\url{http://en.wikipedia.org/wiki/Principle_of_least_privilege}},
  title={Principle of least privilege}
}

@article{tripathi2013hadoop,
  title={Hadoop Based Defense Solution to Handle Distributed Denial of Service (DDoS) Attacks},
  author={Tripathi, Shweta and Gupta, Brij and Almomani, Ammar and Mishra, Anupama and Veluru, Suresh},
  year={2013},
  publisher={Scientific Research Publishing}
}

@inproceedings{zhou2014new,
  title={A new solution of data security accessing for Hadoop based on CP-ABE},
  author={Zhou, Huixiang and Wen, Qiaoyan},
  booktitle={Software Engineering and Service Science (ICSESS), 2014 5th IEEE International Conference on},
  pages={525--528},
  year={2014},
  organization={IEEE}
}

@inproceedings{reddy2013access,
  title={Access control for sensitive data in hadoop distributed file systems},
  author={Reddy, Yenumula},
  booktitle={INFOCOMP 2013, The Third International Conference on Advanced Communications and Computation},
  pages={72--78},
  year={2013}
}

@article{jose2014privacy,
  title={Privacy in Map Reduce Based Systems: A Review},
  author={Jose, Rosmy C and Paul, Shaiju},
  year={2014}
}

@inproceedings{shen2010security,
  title={The security of cloud computing system enabled by trusted computing technology},
  author={Shen, Zhidong and Tong, Qiang},
  booktitle={Signal Processing Systems (ICSPS), 2010 2nd International Conference on},
  volume={2},
  pages={V2--11},
  year={2010},
  organization={IEEE}
}

@article{subashini2011survey,
  title={A survey on security issues in service delivery models of cloud computing},
  author={Subashini, Subashini and Kavitha, V},
  journal={Journal of network and computer applications},
  volume={34},
  number={1},
  pages={1--11},
  year={2011},
  publisher={Elsevier}
}

@article{tankard2012big,
  title={Big data security},
  author={Tankard, Colin},
  journal={Network security},
  volume={2012},
  number={7},
  pages={5--8},
  year={2012},
  publisher={Elsevier}
}

@inproceedings{zhou2010security,
  title={Security and privacy in cloud computing: A survey},
  author={Zhou, Minqi and Zhang, Rong and Xie, Wei and Qian, Weining and Zhou, Aoying},
  booktitle={Semantics Knowledge and Grid (SKG), 2010 Sixth International Conference on},
  pages={105--112},
  year={2010},
  organization={IEEE}
}

@inproceedings{madaan2012implementation,
  title={Implementation of identity based distributed cloud storage encryption scheme using PHP and C for Hadoop File System},
  author={Madaan, Sahil and Agrawal, Rakesh Kumar},
  booktitle={Tier 2 Federation Grid, Cloud \& High Performance Computing Science (RO-LCG), 2012 5th Romania},
  pages={74--77},
  year={2012},
  organization={IEEE}
}

@inproceedings{tseng2012implement,
  title={Implement a reliable and secure cloud distributed file system},
  author={Tseng, Fan-Hsun and Chen, Chi-Yuan and Chou, Li-Der and Chao, Han-Chieh},
  booktitle={Intelligent Signal Processing and Communications Systems (ISPACS), 2012 International Symposium on},
  pages={227--232},
  year={2012},
  organization={IEEE}
}

@article{wei2014security,
  title={Security and privacy for storage and computation in cloud computing},
  author={Wei, Lifei and Zhu, Haojin and Cao, Zhenfu and Dong, Xiaolei and Jia, Weiwei and Chen, Yunlu and Vasilakos, Athanasios V},
  journal={Information Sciences},
  volume={258},
  pages={371--386},
  year={2014},
  publisher={Elsevier}
}

@inproceedings{basescu2011managing,
  title={Managing data access on clouds: A generic framework for enforcing security policies},
  author={Basescu, Cristina and Carpen-Amarie, Alexandra and Leordeanu, Catalin and Costan, Alexandru and Antoniu, Gabriel},
  booktitle={Advanced Information Networking and Applications (AINA), 2011 IEEE International Conference on},
  pages={459--466},
  year={2011},
  organization={IEEE}
}

@misc{non-root,
  howpublished={\url{https://docs.oracle.com/cd/E52668_01/E54669/html/section_rdz_hmw_2q.html/}},
  title={Enabling Non-root Users to Run Docker Commands}
}

@misc{dockersocket,
  howpublished={\url{https://docs.docker.com/articles/basics/}},
  title={Docker basics - Docker Documentation}
}

@misc{encryption,
  howpublished={\url{http://blog.cloudera.com/blog/2014/06/projectrhino-goal-at-rest-encryption/}},
  title={HDFS encryption}
}

@incollection{park2013secure,
  title={Secure hadoop with encrypted HDFS},
  author={Park, Seonyoung and Lee, Youngseok},
  booktitle={Grid and Pervasive Computing},
  pages={134--141},
  year={2013},
  publisher={Springer}
}

@article{o2009hadoop,
  title={Hadoop security design},
  author={O’Malley, Owen and Zhang, Kan and Radia, Sanjay and Marti, Ram and Harrell, Christopher},
  journal={Yahoo, Inc., Tech. Rep},
  year={2009}
}

@article{cohen2014towards,
  title={Towards a trusted HDFS storage platform: Mitigating threats to Hadoop infrastructures using hardware-accelerated encryption with TPM-rooted key protection},
  author={Cohen, Jason C and Acharya, Subrata},
  journal={Journal of Information Security and Applications},
  volume={19},
  number={3},
  pages={224--244},
  year={2014},
  publisher={Elsevier}
}

@incollection{cohen2013towards,
  title={Towards a more secure Apache hadoop HDFS infrastructure},
  author={Cohen, Jason and Acharya, Subatra},
  booktitle={Network and System Security},
  pages={735--741},
  year={2013},
  publisher={Springer}
}

@inproceedings{lin2012toward,
  title={Toward data confidentiality via integrating hybrid encryption schemes and Hadoop distributed file system},
  author={Lin, Hsiao-Ying and Shen, Shiuan-Tzuo and Tzeng, Wen-Guey and Lin, B-SP},
  booktitle={Advanced Information Networking and Applications (AINA), 2012 IEEE 26th International Conference on},
  pages={740--747},
  year={2012},
  organization={IEEE}
}

@article{sujitha2013improving,
  title={Improving Security of Parallel Algorithm Using Key Encryption Technique.},
  author={Sujitha, G and Varadharajan, M and Rao, Y Vignesh and Sridev, R and Gauthaum, MK and Narayanan, Sowmy and Raja, R Swarna and Shalinie, S Mercy},
  journal={Information Technology Journal},
  volume={12},
  number={12},
  year={2013}
}

@inproceedings{o2010integrating,
  title={Integrating kerberos into apache hadoop},
  author={O’Malley, Owen},
  booktitle={Kerberos Conference},
  pages={26--27},
  year={2010}
}

@inproceedings{steiner1988kerberos,
  title={Kerberos: An Authentication Service for Open Network Systems.},
  author={Steiner, Jennifer G and Neuman, B Clifford and Schiller, Jeffrey I},
  booktitle={USENIX Winter},
  pages={191--202},
  year={1988}
}

@inproceedings{sadasivam2012novel,
  title={A novel authentication service for hadoop in cloud environment},
  author={Sadasivam, GS and Kumari, KA and Rubika, S},
  booktitle={Cloud Computing in Emerging Markets (CCEM), 2012 IEEE International Conference on},
  pages={1--6},
  year={2012},
  organization={IEEE}
}

@inproceedings{elmeleegy2014spongefiles,
  title={SpongeFiles: mitigating data skew in mapreduce using distributed memory},
  author={Elmeleegy, Khaled and Olston, Christopher and Reed, Benjamin},
  booktitle={Proceedings of the 2014 ACM SIGMOD international conference on Management of data},
  pages={551--562},
  year={2014},
  organization={ACM}
}

@misc{rootdocker,
  howpublished={\url{https://docs.docker.com/articles/security/}},
  title={Security-Docker Documentation}
}



@INPROCEEDINGS{khan2012hatman,
  title={Hatman: Intra-cloud trust management for Hadoop},
  author={Khan, Safwan Mahmud and Hamlen, Kevin W},
  booktitle={Cloud Computing (CLOUD), 2012 IEEE 5th International Conference on},
  pages={494--501},
  year={2012},
  organization={IEEE}
}

@inproceedings{vavilapalli2013apache,
  title={Apache hadoop yarn: Yet another resource negotiator},
  author={Vavilapalli, Vinod Kumar and Murthy, Arun C and Douglas, Chris and Agarwal, Sharad and Konar, Mahadev and Evans, Robert and Graves, Thomas and Lowe, Jason and Shah, Hitesh and Seth, Siddharth and others},
  booktitle={Proceedings of the 4th annual Symposium on Cloud Computing},
  pages={5},
  year={2013},
  organization={ACM}
}

@article{cohen2012incorporating,
  title={Incorporating hardware trust mechanisms in Apache Hadoop},
  author={Cohen, Jason C and Subatra, A},
  journal={IEEE, sl},
  pages={978--1},
  year={2012}
}

@INPROCEEDINGS{wei2009securemr,
  title={Securemr: A service integrity assurance framework for mapreduce},
  author={Wei, Wei and Du, Juan and Yu, Ting and Gu, Xiaohui},
  booktitle={Computer Security Applications Conference, 2009. ACSAC'09. Annual},
  pages={73--82},
  year={2009},
  organization={IEEE}
}

@INPROCEEDINGS{wang2011viaf,
  title={Viaf: Verification-based integrity assurance framework for mapreduce},
  author={Wang, Yongzhi and Wei, Jinpeng},
  booktitle={Cloud Computing (CLOUD), 2011 IEEE International Conference on},
  pages={300--307},
  year={2011},
  organization={IEEE}
}

@article{thusoo2009hive,
  title={Hive: a warehousing solution over a map-reduce framework},
  author={Thusoo, Ashish and Sarma, Joydeep Sen and Jain, Namit and Shao, Zheng and Chakka, Prasad and Anthony, Suresh and Liu, Hao and Wyckoff, Pete and Murthy, Raghotham},
  journal={Proceedings of the VLDB Endowment},
  volume={2},
  number={2},
  pages={1626--1629},
  year={2009},
  publisher={VLDB Endowment}
}

@book{george2011hbase,
  title={HBase: the definitive guide},
  author={George, Lars},
  year={2011},
  publisher={" O'Reilly Media, Inc."}
}

@misc{hbase,
  howpublished={\url{http://hbase.apache.org/}},
  title={HBase - Apache Software Foundation project home page}
}

@misc{facebook,
  howpublished={\url{http://hortonworks.com/big-data-insights/how-facebook-uses-hadoop-and-hive/}},
  title={How Facebook uses Hadoop and Hive}
}
  
@misc{droplxc,
  howpublished={\url{http://www.infoq.com/news/2014/03/docker_0_9/}},
  title={Docker drops LXC as default execution environment}
}

@misc{openvz,
  howpublished={\url{https://openvz.org/Main_Page/}},
  title={OpenVZ-Linux Containers Wiki}
}

@misc{jails,
  howpublished={\url{https://wiki.freebsd.org/Jails}},
  title={Jails-FreeBSD Wiki}
}

@misc{amazon,
  howpublished={\url{http://aws.amazon.com/elasticmapreduce/}},
  title={AWS|Amazon Elastic MapReduce(EMR)|Hadoop MapReduce in the Cloud}
}

@misc{yahoo,
  howpublished={\url{http://www.wired.com/2011/10/how-yahoo-spawned-hadoop/}},
  title={How Yahoo spawned HADOOP, the future of big data}
}

@misc{ebay,
  howpublished={\url{http://www.ebaytechblog.com/2010/10/29/hadoop-the-power-of-the-elephant/}},
  title={Hadoop-The power of the Elephant}
}

@misc{zookeeper,
  howpublished={\url{http://zookeeper.apache.org/}},
  title={Zookeeper - Apache Software Foundation project home page}
}

@misc{pig,
  howpublished={\url{http://pig.apache.org/}},
  title={Pig - Apache Software Foundation project home page}
}

@misc{hive,
  howpublished={\url{http://hive.apache.org/}},
  title={Hive - Apache Software Foundation project home page}
}

@misc{docker,
  howpublished={\url{https://www.docker.com/}},
  title={Docker}
}

@misc{securemode,
  howpublished={\url{http://hadoop.apache.org/docs/current/hadoop-project-dist/hadoop-common/SecureMode.html#Kerberos_principals_for_Hadoop_Daemons_and_Users/}},
  title={Hadoop in Secure Mode}
}

@misc{kerberos,
  howpublished={\url{http://en.wikipedia.org/wiki/Kerberos_(protocol)#Client_Authentication}},
  title={Kerberos(protocol)}
}


@book{schmidt2006high,
  title={High availability and disaster recovery: concepts, design, implementation},
  author={Schmidt, Klaus},
  volume={22},
  year={2006},
  publisher={Springer Science \& Business Media}
}

322 @misc{cgroups,
  author={Paul Menage},
  howpublished={\url{https://www.kernel.org/doc/Documentation/cgroups/  cgroups.txt}},
  title={Control Groups},
  year={2004}
}

@misc{dce,
  howpublished={\url{http://hadoop.apache.org/docs/r2.6.0/hadoop-yarn/hadoop-yarn-site/DockerContainerExecutor.html}},
  title={Docker Container Executor}
}

@misc{yarn,
  author={Arun Murthy},
  howpublished={http://hortonworks.com/blog/introducing-apache-hadoop-yarn/}},
  title={Introducing Apache Hadoop YARN},
  year={2012}
}

@article{dean2008mapreduce,
  title={MapReduce: simplified data processing on large clusters},
  author={Dean, Jeffrey and Ghemawat, Sanjay},
  journal={Communications of the ACM},
  volume={51},
  number={1},
  pages={107--113},
  year={2008},
  publisher={ACM}
}

@article{helsley2009lxc,
  title={LXC: Linux container tools},
  author={Helsley, Matt},
  journal={IBM devloperWorks Technical Library},
  year={2009}
}

@misc{oozie,
  howpublished={\url{http://oozie.apache.org/}},
  title={Apache Oozie Workflow Scheduler for Hadoop}
}